@book{goldberg,
  author    = {Goldberg, David E.},
  year      = {1989},
  title     = {Genetic Algorithms in Search, Optimization and Machine Learning},
  publisher = {Addison-Wesley}
}

@book{rubin2012,
  author    = {Rubin, Kenneth S.},
  title     = {Essential Scrum: A Practical Guide to the Most Popular Agile Process},
  year      = {2012},
  publisher = {Addison-Wesley}
}

@book{scrum2020,
  author    = {Schwaber, Ken and Sutherland, Jeff},
  title     = {Guía SCRUM: La Guía Definitiva del Marco de Trabajo Scrum},
  year      = {2020},
  publisher = {Scrum.org},
  url       = {https://scrumguides.org}
}
